<?xml version="1.0" encoding="UTF-8"?><collection xmlns="http://www.loc.gov/MARC21/slim"><record><leader>00339nam--2200133-i-4500</leader><controlfield tag="001">000027759</controlfield><controlfield tag="002">20161230</controlfield><controlfield tag="005">20161230201037</controlfield><controlfield tag="008">060222s1000------------r-----000-0-eng-d</controlfield><datafield ind1=" " ind2=" " tag="080"><subfield code="a">628.511</subfield></datafield><datafield ind1=" " ind2=" " tag="100"><subfield code="a">Kriza, Angela Si Negoiu, Dumitru</subfield></datafield><datafield ind1=" " ind2=" " tag="245"><subfield code="a">Poluanti anorganici in aer</subfield></datafield><datafield ind1=" " ind2=" " tag="260"><subfield code="a">Bucuresti, Ed.Academiei, 1977, 217p</subfield></datafield><datafield ind1=" " ind2=" " tag="852"><subfield code="a">43865</subfield></datafield></record></collection>